<record><leader>00000cas a22000007a 4500</leader><controlfield tag="001">11985740</controlfield><controlfield tag="008">850501d19242010wiuwr ne      0    0eng d</controlfield><controlfield tag="009">3770</controlfield><datafield ind1=" " ind2=" " tag="010"><subfield code="a">sn 85040445 </subfield></datafield><datafield ind1=" " ind2=" " tag="040"><subfield code="a">NPV</subfield><subfield code="b">eng</subfield><subfield code="c">NPV</subfield><subfield code="d">DLC</subfield></datafield><datafield ind1="1" ind2=" " tag="029"><subfield code="a">AU@</subfield><subfield code="b">000025800948</subfield></datafield><datafield ind1=" " ind2=" " tag="042"><subfield code="a">msc</subfield></datafield><datafield ind1=" " ind2=" " tag="045"><subfield code="a">x2--</subfield></datafield><datafield ind1=" " ind2=" " tag="052"><subfield code="a">4123</subfield><subfield code="b">T7</subfield></datafield><datafield ind1="0" ind2=" " tag="130"><subfield code="a">Whitehall times (Whitehall, Wis. : 1924)</subfield></datafield><datafield ind1="0" ind2="4" tag="245"><subfield code="a">The Whitehall times.</subfield></datafield><datafield ind1=" " ind2=" " tag="260"><subfield code="a">Whitehall, Trempealeau County, Wis. :</subfield><subfield code="b">Beach &amp; Nichols,</subfield><subfield code="c">1924-</subfield></datafield><datafield ind1=" " ind2=" " tag="300"><subfield code="a">v. :</subfield><subfield code="b">ill.</subfield></datafield><datafield ind1=" " ind2=" " tag="310"><subfield code="a">Weekly</subfield></datafield><datafield ind1="0" ind2=" " tag="362"><subfield code="a">Sixty-second year, no. 45 (Jan. 24, 1924)-</subfield></datafield><datafield ind1="1" ind2=" " tag="362"><subfield code="a">Ceased in 2010.</subfield></datafield><datafield ind1=" " ind2=" " tag="500"><subfield code="a">Publisher varies.</subfield></datafield><datafield ind1=" " ind2=" " tag="530"><subfield code="a">Available on microfilm from The State Historical Society of Wisconsin.</subfield></datafield><datafield ind1=" " ind2=" " tag="580"><subfield code="a">Merged with Galesville Republican and The Arcadia news-leader to form Trempealeau County times.</subfield></datafield><datafield ind1=" " ind2=" " tag="500"><subfield code="a">Editors: R.O. Gauger, Oct. 16, 1952-Sept. 13, 1956; T. Giese, June 28, 1979-June 26, 1980; S.B. Thomson, July 10, 1980-</subfield></datafield><datafield ind1=" " ind2=" " tag="752"><subfield code="a">United States</subfield><subfield code="b">Wisconsin</subfield><subfield code="c">Trempealeau</subfield><subfield code="d">Whitehall.</subfield></datafield><datafield ind1="0" ind2="0" tag="780"><subfield code="t">Whitehall times-banner</subfield><subfield code="w">(DLC)sn 8540446</subfield></datafield><datafield ind1="1" ind2="4" tag="785"><subfield code="t">Galesville Republican</subfield><subfield code="w">(DLC)sn 85033128</subfield><subfield code="w">(OCoLC)7435257</subfield></datafield><datafield ind1="1" ind2="4" tag="785"><subfield code="t">Arcadia news-leader</subfield><subfield code="w">(DLC)sn 85041470</subfield><subfield code="w">(OCoLC)12872939</subfield></datafield><datafield ind1="1" ind2="4" tag="785"><subfield code="t">Trempealeau County times</subfield><subfield code="x">2159-5496</subfield><subfield code="w">(DLC)  2011204319</subfield><subfield code="w">(OCoLC)697836198</subfield></datafield></record>